% Encoding: UTF-8

@InProceedings{LTAL,
  author    = {Chen, Juan and Wu, Dinghao and Appel, Andrew W. and Fang, Hai},
  booktitle = {Proceedings of the {ACM} {SIGPLAN} Conference on Programming Language Design and Implementation ({PLDI})},
  title     = {A provably sound {TAL} for back-end optimization},
  year      = {2003},
  pages     = {208--219},
}

@InProceedings{DTAL,
  author    = {Hongwei Xi and Robert Harper},
  booktitle = {Proceedings of the {ACM} {SIGPLAN} International Conference on Functional Programming {(ICFP})},
  doi       = {10.1145/507635.507657},
  title     = {A Dependently Typed Assembly Language},
  year      = {2001},
  pages     = {169--180},
  bibsource = {dblp computer science bibliography, https://dblp.org},
  biburl    = {https://dblp.org/rec/conf/icfp/XiH01.bib},
}

@InProceedings{TIL,
  author    = {David Tarditi and J. Gregory Morrisett and Perry Cheng and Christopher A. Stone and Robert Harper and Peter Lee},
  booktitle = {Proceedings of the {ACM} {SIGPLAN} Conference on Programming Language Design and Implementation ({PLDI})},
  doi       = {10.1145/231379.231414},
  title     = {{TIL:} {A} Type-Directed Optimizing Compiler for {ML}},
  year      = {1996},
  pages     = {181--192},
  bibsource = {dblp computer science bibliography, https://dblp.org},
  biburl    = {https://dblp.org/rec/conf/pldi/TarditiMCSHL96.bib},
}

@Article{FtoTAL,
  author    = {J. Gregory Morrisett and David Walker and Karl Crary and Neal Glew},
  doi       = {10.1145/319301.319345},
  journal   = {{ACM} Trans. Program. Lang. Syst.},
  number    = {3},
  title     = {From {System F} to {Typed Assembly Language}},
  volume    = {21},
  year      = {1999},
  pages     = {527--568},
  bibsource = {dblp computer science bibliography, https://dblp.org},
  biburl    = {https://dblp.org/rec/journals/toplas/MorrisettWCG99.bib},
  groups    = {[adam_:]},
}

@InProceedings{WASM,
  author    = {Andreas Haas and Andreas Rossberg and Derek L. Schuff and Ben L. Titzer and Michael Holman and Dan Gohman and Luke Wagner and Alon Zakai and J. F. Bastien},
  booktitle = {Proceedings of the {ACM} {SIGPLAN} Conference on Programming Language Design and Implementation ({PLDI})},
  doi       = {10.1145/3062341.3062363},
  title     = {Bringing the web up to speed with {WebAssembly}},
  year      = {2017},
  pages     = {185--200},
  bibsource = {dblp computer science bibliography, https://dblp.org},
  biburl    = {https://dblp.org/rec/conf/pldi/HaasRSTHGWZB17.bib},
  groups    = {adam_:6},
}

@InProceedings{Sandboxes,
  author    = {Goldberg, Ian and Wagner, David and Thomas, Randi and Brewer, Eric A.},
  booktitle = {Proceedings of the 6th Conference on USENIX Security Symposium, Focusing on Applications of Cryptography - Volume 6},
  doi       = {10.5555/1267569.1267570},
  title     = {A secure environment for untrusted helper applications confining the {Wily} {Hacker}},
  year      = {1996},
  address   = {USA},
  publisher = {USENIX Association},
  series    = {SSYM’96},
  location  = {San Jose, California},
  numpages  = {14},
}

@Misc{foxbox,
  title     = {Security/Sandbox},
  journal   = {MozillaWiki},
  timestamp = {2020-07-16},
  url       = {https://wiki.mozilla.org/Security/Sandbox},
}

@Book{redex,
  author    = {Felleisen, Matthias and Findler, Robert Bruce and Flatt, Matthew},
  publisher = {Mit Press},
  title     = {Semantics engineering with {PLT} {R}edex},
  year      = {2009},
}

@InProceedings{z3,
  author    = {De Moura, Leonardo and Bj\o{}rner, Nikolaj},
  booktitle = {Proceedings of the Theory and Practice of Software, 14th International Conference on Tools and Algorithms for the Construction and Analysis of Systems},
  title     = {{Z3}: An Efficient {SMT} Solver},
  year      = {2008},
  address   = {Berlin, Heidelberg},
  pages     = {337–340},
  series    = {TACAS’08/ETAPS’08},
  isbn      = {3540787992},
  location  = {Budapest, Hungary},
  numpages  = {4},
}

@InProceedings{PCC,
  author    = {Necula, George C.},
  booktitle = {Proceedings of the 24th ACM SIGPLAN-SIGACT Symposium on Principles of Programming Languages},
  doi       = {10.1145/263699.263712},
  title     = {Proof-Carrying Code},
  year      = {1997},
  address   = {New York, NY, USA},
  pages     = {106–119},
  publisher = {Association for Computing Machinery},
  series    = {POPL ’97},
  isbn      = {0897918533},
  location  = {Paris, France},
  numpages  = {14},
  url       = {https://doi.org/10.1145/263699.263712},
}

@InCollection{necula2011,
  author    = {George C. Necula},
  booktitle = {Encyclopedia of Cryptography and Security, 2nd Ed},
  publisher = {Springer},
  title     = {Proof-Carrying Code},
  year      = {2011},
  editor    = {Henk C. A. van Tilborg and Sushil Jajodia},
  pages     = {984--986},
  bibsource = {dblp computer science bibliography, https://dblp.org},
  biburl    = {https://dblp.org/rec/reference/crypt/Necula11.bib},
  doi       = {10.1007/978-1-4419-5906-5\_864},
  url       = {https://doi.org/10.1007/978-1-4419-5906-5_864},
}

@InProceedings{necula1997a,
  author    = {George C. Necula},
  booktitle = {Conference Record of POPL'97: The 24th {ACM} {SIGPLAN-SIGACT} Symposium on Principles of Programming Languages, Papers Presented at the Symposium, Paris, France, 15-17 January 1997},
  doi       = {10.1145/263699.263712},
  title     = {Proof-Carrying Code},
  year      = {1997},
  editor    = {Peter Lee and Fritz Henglein and Neil D. Jones},
  pages     = {106--119},
  publisher = {{ACM} Press},
  bibsource = {dblp computer science bibliography, https://dblp.org},
  biburl    = {https://dblp.org/rec/conf/popl/Necula97.bib},
}

@Comment{jabref-meta: databaseType:bibtex;}

@Comment{jabref-meta: grouping:
0 AllEntriesGroup:;
1 StaticGroup:Markings\;2\;1\;\;\;\;;
2 StaticGroup:[adam_:]\;2\;1\;\;\;\;;
2 StaticGroup:adam_:6\;2\;1\;\;\;\;;
}
